% This file was created with JabRef 2.8.1.
% Encoding: Cp1252

@ARTICLE{Aranda.etal2012,
  author = {Aranda, J. and Damian, D. and Borici, A.},
  title = {Transition to Model-Driven Engineering},
  journal = {Model Driven Engineering Languages and Systems},
  year = {2012},
  pages = {692--708},
  owner = {hhoyos},
  publisher = {Springer},
  timestamp = {2013.01.21}
}

@MISC{ATL.VMSpec,
  author = {ATLAS group, LINA \& INRIA Nantes},
  title = {Specification of the {ATL Virtual Machine}},
  note = {\url{http://www.eclipse.org/atl/documentation/old/ATL\_VMSpecification[v00.01].pdf}},
  owner = {hhoyos},
  timestamp = {2013.02.11}
}

@INCOLLECTION{Bezivin.etal2006,
  author = {B\'{e}zivin, Jean and Bouzitouna, Salim and Del Fabro, Marcos and
	Gervais, Marie-Pierre and Jouault, Fréderic and Kolovos, Dimitrios
	and Kurtev, Ivan and Paige, Richard},
  title = {A Canonical Scheme for Model Composition},
  booktitle = {Model Driven Architecture – Foundations and Applications},
  publisher = {Springer Berlin / Heidelberg},
  year = {2006},
  editor = {Rensink, Arend and Warmer, Jos},
  volume = {4066},
  series = {Lecture Notes in Computer Science},
  pages = {346--360},
  affiliation = {ATLAS Group (INRIA & LINA), Universit\'{e} de Nantes, France},
  owner = {hhoyos},
  timestamp = {2012.08.22}
}

@MASTERSTHESIS{Bosems2011,
  author = {Steven Bosems},
  title = {A Performance Analysis of Model Transformations and Tools},
  school = {Department of Electrical Engineering Mathematics and Computer Science,
	University of Twente},
  year = {2011},
  month = {March},
  note = {\url{http://www.utwente.nl/ewi/trese/graduation\_projects/2011/004.pdf}},
  owner = {hhoyos},
  timestamp = {2013.02.11}
}

@ARTICLE{Cohen1994,
  author = {Cohen, J.},
  title = {The earth is round (p<. 05).},
  journal = {American psychologist},
  year = {1994},
  volume = {49},
  pages = {997},
  number = {12},
  owner = {hhoyos},
  publisher = {American Psychological Association},
  timestamp = {2012.10.16}
}

@TECHREPORT{Cormdmi.etal1996,
  author = {A. Corradini and U. Montanari and F. Rossi and H. Ehrig and R. Heckel
	and M. Loewe},
  title = {Algebraic Approaches to Graph Transformation, Part I: Basic Concepts
	and Double Pushout Approach},
  institution = {Universit\`{a} di Pisa, Ddipartimento di Iinformatica},
  year = {1996},
  number = {TR-96-17},
  owner = {hhoyos},
  timestamp = {2012.09.11}
}

@INPROCEEDINGS{Costa.etal2011,
  author = {Costa, Jean M. and Cataldo, Marcelo and de Souza, Cleidson R.},
  title = {The scale and evolution of coordination needs in large-scale distributed
	projects: implications for the future generation of collaborative
	tools},
  booktitle = {Proceedings of the SIGCHI Conference on Human Factors in Computing
	Systems},
  year = {2011},
  series = {CHI '11},
  pages = {3151--3160},
  publisher = {ACM},
  keywords = {awareness, collaboration tools, coordination, scalability},
  owner = {hhoyos},
  timestamp = {2013.01.21}
}

@ARTICLE{Czarnecki.etal2009,
  author = {Czarnecki, K. and Foster, J. and Hu, Z. and L{\"a}mmel, R. and Sch{\"u}rr,
	A. and Terwilliger, J.},
  title = {Bidirectional transformations: {A} cross-discipline perspective},
  journal = {Theory and {P}ractice of {M}odel {T}ransformations},
  year = {2009},
  pages = {260--283},
  owner = {hhoyos},
  publisher = {Springer},
  timestamp = {2012.10.23}
}

@ARTICLE{Czarnecki.Helsen2006,
  author = {Czarnecki, K. and Helsen, S.},
  title = {Feature-based survey of model transformation approaches},
  journal = {{IBM} Systems Journal},
  year = {2006},
  volume = {45},
  pages = {621--645},
  number = {3},
  owner = {hhoyos},
  timestamp = {2012.08.28}
}

@INPROCEEDINGS{Czarnecki.Helsen2003,
  author = {Czarnecki, K. and Helsen, S.},
  title = {Classification of model transformation approaches},
  booktitle = {Proceedings of the 2nd OOPSLA Workshop on Generative Techniques in
	the Context of the Model Driven Architecture},
  year = {2003},
  volume = {45},
  number = {3},
  pages = {1--17},
  owner = {hhoyos},
  timestamp = {2012.10.23}
}

@ARTICLE{Deng.etal2008,
  author = {Deng, G. and Schmidt, D.C. and Gokhale, A. and Gray, J. and Lin,
	Y. and Lenz, G.},
  title = {Evolution in model-driven software product-line architectures},
  journal = {Designing Software-Intensive Systems: Methods and Principles},
  year = {2008},
  owner = {hhoyos},
  publisher = {Idea Group},
  timestamp = {2012.08.22}
}

@INCOLLECTION{DiRuscio.etal2012,
  author = {Di Ruscio, Davide and Eramo, Romina and Pierantonio, Alfonso},
  title = {Model Transformations},
  booktitle = {Formal Methods for Model-Driven Engineering},
  publisher = {Springer Berlin / Heidelberg},
  year = {2012},
  volume = {7320},
  series = {Lecture Notes in Computer Science},
  pages = {91--136},
  owner = {hhoyos},
  timestamp = {2012.09.24}
}

@INCOLLECTION{Diskin.etal2011,
  author = {Diskin, Zinovy and Xiong, Yingfei and Czarnecki, Krzysztof and Ehrig,
	Hartmut and Hermann, Frank and Orejas, Fernando},
  title = {From State- to Delta-Based Bidirectional Model Transformations: The
	Symmetric Case},
  booktitle = {Model Driven Engineering Languages and Systems},
  publisher = {Springer Berlin Heidelberg},
  year = {2011},
  volume = {6981},
  series = {Lecture Notes in Computer Science},
  pages = {304-318},
  owner = {hhoyos},
  timestamp = {2013.01.22}
}

@INPROCEEDINGS{Drivalos.etal2008,
  author = {Drivalos, N. and Paige, R.F. and Fernandes, K.J. and Kolovos, D.S.},
  title = {Towards rigorously defined model-to-model traceability},
  booktitle = {ECMDA Traceability Workshop (ECMDA-TW)},
  year = {2008},
  pages = {17--26},
  owner = {hhoyos},
  timestamp = {2012.09.25}
}

@INCOLLECTION{Ehrig.etal2007,
  author = {Ehrig, Hartmut and Ehrig, Karsten and Ermel, Claudia and Hermann,
	Frank and Taentzer, Gabriele},
  title = {Information Preserving Bidirectional Model Transformations},
  booktitle = {Fundamental Approaches to Software Engineering},
  publisher = {Springer Berlin Heidelberg},
  year = {2007},
  volume = {4422},
  series = {Lecture Notes in Computer Science},
  pages = {72-86},
  owner = {hhoyos},
  timestamp = {2013.01.22}
}

@INPROCEEDINGS{Fleurey.etal2004,
  author = {Fleurey, F. and Steel, J. and Baudry, B.},
  title = {Validation in model-driven engineering: testing model transformations},
  booktitle = {Model, Design and Validation, 2004. Proceedings of the First International
	Workshop on},
  year = {2004},
  pages = {29--40},
  month = {Nov},
  owner = {hhoyos},
  timestamp = {2012.08.22}
}

@INPROCEEDINGS{Fouquet.etal2010,
  author = {Francois Fouquet and Olivier Barais and Jean-Marc J\'{e}z'{e}quel},
  title = {Building a Kermeta Compiler using Scala: an Experience Report},
  booktitle = {Proc. Scala Days 2010},
  year = {2010},
  owner = {hhoyos},
  timestamp = {2013.02.11}
}

@INPROCEEDINGS{FrancoisFouquet2010,
  author = {Francois Fouquet and Olivier Barais and Jean-Marc J\'{e}z'{e}quel},
  title = {Building a Kermeta Compiler using Scala: an Experience Report},
  booktitle = {Proc. Scala Days 2010},
  year = {2010},
  location = {Lauzanne, Switzerland},
  owner = {hhoyos},
  timestamp = {2013.02.11}
}

@INPROCEEDINGS{France.Rumpe2007,
  author = {France, Robert and Rumpe, Bernhard},
  title = {Model-driven Development of Complex Software: A Research Roadmap},
  booktitle = {2007 Future of Software Engineering},
  year = {2007},
  series = {FOSE '07},
  pages = {37--54},
  publisher = {IEEE Computer Society},
  numpages = {18},
  owner = {hhoyos},
  timestamp = {2012.08.22}
}

@INPROCEEDINGS{Gardner.etal2003,
  author = {Gardner, T. and Griffin, C. and Koehler, J. and Hauser, R.},
  title = {A review of {OMG MOF 2.0 Query/Views/Transformations} Submissions
	and Recommendations towards the final Standard},
  booktitle = {Metamodelling for {MDA}, 2003. Proceedings of the Workshop},
  year = {2003},
  owner = {hhoyos},
  timestamp = {2012.09.11}
}

@INPROCEEDINGS{Gerken.etal2011,
  author = {Gerken, Jens and Jetter, Hans-Christian and Z\"{o}llner, Michael
	and Mader, Martin and Reiterer, Harald},
  title = {The concept maps method as a tool to evaluate the usability of APIs},
  booktitle = {Proceedings of the SIGCHI Conference on Human Factors in Computing
	Systems},
  year = {2011},
  series = {CHI '11},
  pages = {3373--3382},
  publisher = {ACM},
  keywords = {API usability, concept maps, evaluation method, longitudinal},
  owner = {hhoyos},
  timestamp = {2013.01.21}
}

@ARTICLE{Greenyer.Kindler2007,
  author = {Greenyer, J. and Kindler, E.},
  title = {Reconciling TGGs with QVT},
  journal = {Model Driven Engineering Languages and Systems},
  year = {2007},
  pages = {16--30},
  owner = {hhoyos},
  publisher = {Springer},
  timestamp = {2013.01.29}
}

@INCOLLECTION{Guerra2012,
  author = {Guerra, Esther},
  title = {Specification-Driven Test Generation for Model Transformations},
  booktitle = {Theory and Practice of Model Transformations},
  publisher = {Springer Berlin Heidelberg},
  year = {2012},
  editor = {Hu, Zhenjiang and Lara, Juan},
  volume = {7307},
  series = {Lecture Notes in Computer Science},
  pages = {40-55},
  owner = {hhoyos},
  timestamp = {2013.01.23}
}

@INPROCEEDINGS{Jouault.Kurtev2006,
  author = {Jouault, Fr{\'e}d{\'e}ric and Kurtev, Ivan},
  title = {On the architectural alignment of ATL and QVT},
  booktitle = {Proceedings of the 2006 ACM symposium on Applied computing},
  year = {2006},
  series = {SAC '06},
  pages = {1188--1195},
  publisher = {ACM},
  keywords = {ATL, QVT, interoperability, model engineering, model transformations},
  numpages = {8},
  owner = {hhoyos},
  timestamp = {2013.01.29}
}

@ARTICLE{Kent.Smith2003,
  author = {Stuart Kent and Robert Smith},
  title = {The Bidirectional Mapping Problem},
  journal = {Electronic Notes in Theoretical Computer Science},
  year = {2003},
  volume = {82},
  pages = {151 - 165},
  number = {7},
  owner = {hhoyos},
  timestamp = {2013.01.23}
}

@INCOLLECTION{Kessentini.etal2008,
  author = {Kessentini, Marouane and Sahraoui, Houari and Boukadoum, Mounir},
  title = {Model Transformation as an Optimization Problem},
  booktitle = {Model Driven Engineering Languages and Systems},
  publisher = {Springer Berlin / Heidelberg},
  year = {2008},
  volume = {5301},
  series = {Lecture Notes in Computer Science},
  pages = {159--173},
  owner = {hhoyos},
  timestamp = {2012.08.22}
}

@INPROCEEDINGS{Klar.etal2007,
  author = {Klar, Felix and K\"{o}nigs, Alexander and Sch\"{u}rr, Andy},
  title = {Model transformation in the large},
  booktitle = {Proceedings of the the 6th joint meeting of the European software
	engineering conference and the {ACM SIGSOFT} symposium on The foundations
	of software engineering},
  year = {2007},
  series = {ESEC-FSE '07},
  pages = {285--294},
  publisher = {ACM},
  owner = {hhoyos},
  timestamp = {2012.08.22}
}

@INCOLLECTION{Kurtev2008,
  author = {Kurtev, Ivan},
  title = {State of the Art of {QVT}: A Model Transformation Language Standard},
  booktitle = {Applications of Graph Transformations with Industrial Relevance},
  publisher = {Springer Berlin / Heidelberg},
  year = {2008},
  volume = {5088},
  series = {Lecture Notes in Computer Science},
  pages = {377--393},
  owner = {hhoyos},
  timestamp = {2012.08.28}
}

@ARTICLE{Mens.Gorp2006,
  author = {Tom Mens and Pieter Van Gorp},
  title = {A Taxonomy of Model Transformation},
  journal = {Electronic Notes in Theoretical Computer Science},
  year = {2006},
  volume = {152},
  pages = {125--142},
  number = {0},
  owner = {hhoyos},
  timestamp = {2012.08.28}
}

@INPROCEEDINGS{Muller.etal2005,
  author = {Muller, P.A. and Fleurey, F. and Vojtisek, D. and Drey, Z. and Pollet,
	D. and Fondement, F. and Studer, P. and J{\'e}z{\'e}quel, J.M. and
	others},
  title = {On executable meta-languages applied to model transformations},
  booktitle = {Model Transformations In Practice Workshop},
  year = {2005},
  owner = {hhoyos},
  timestamp = {2013.01.22}
}

@MISC{QVT-RFP,
  author = {OMG},
  title = {{Request for Proposal: MOF 2.0 Query / Views / Transformations RFP}},
  howpublished = {OMG Document: ad/2002-04-10},
  note = {Revised on: April 24, 2002},
  owner = {hhoyos},
  timestamp = {2013.02.11}
}

@MISC{OCL2.3.1,
  author = {{OMG}},
  title = {{OCL} - Object Constraint Language},
  month = {January},
  year = {2012},
  comment = {2.3.1},
  owner = {hhoyos},
  publisher = {{ISO, Geneva, Switzerland}},
  timestamp = {2012.08.16}
}

@MISC{QVT1.1,
  author = {{OMG}},
  title = {{Meta Object Facility (MOF) 2.0 Query/View/Transformation Specification}},
  howpublished = {http://www.omg.org/spec/QVT/1.1/},
  month = {January},
  year = {2011},
  note = {Version 1.1},
  owner = {hhoyos},
  publisher = {{ISO, Geneva, Switzerland}},
  timestamp = {2012.09.18}
}

@MISC{HUTN1.0,
  author = {{OMG}},
  title = {{HUTN} - Human-Usable Textual Notation},
  month = {August},
  year = {2004},
  comment = {1.0},
  owner = {hhoyos},
  publisher = {{ISO, Geneva, Switzerland}},
  timestamp = {2012.09.04}
}

@ARTICLE{Padhy.etal2011,
  author = {Padhy, R.P. and Patra, M.R. and Satapathy, S.C.},
  title = {{RDBMS} to {NoSQL}: Reviewing Some Next-Generation Non-Relational
	Database‘s},
  journal = {{INTERNATIONAL JOURNAL OF ADVANCED ENGINEERING SCIENCES AND TECHNOLOGIES}},
  year = {2011},
  volume = {11},
  pages = {15--30},
  owner = {hhoyos},
  timestamp = {2012.08.22}
}

@INPROCEEDINGS{Paige.etal2009,
  author = {Paige, R.F. and Kolovos, D.S. and Rose, L.M. and Drivalos, N. and
	Polack, F.A.C.},
  title = {The Design of a Conceptual Framework and Technical Infrastructure
	for Model Management Language Engineering},
  booktitle = {Proc. 14th IEEE International Conference on Engineering of Complex
	Computer Systems},
  year = {2009},
  pages = {162 -171},
  owner = {hhoyos},
  timestamp = {2013.02.11}
}

@INPROCEEDINGS{Polacek.Verma2009,
  author = {Polacek, G. and Verma, D.},
  title = {Requirements engineering for complex adaptive systems: principles
	vs. rules},
  booktitle = {7th annual conference on systems engineering research},
  year = {2009},
  owner = {hhoyos},
  timestamp = {2012.10.12}
}

@INPROCEEDINGS{Sanchez-Barbudo.etal2008,
  author = {S{\'a}nchez-Barbudo, Adolfo and S{\'a}nchez, E Victor and Rold{\'a}n,
	V{\i}ctor and Est{\'e}vez, Antonio and Roda, Jos{\'e} Luis},
  title = {Providing an open virtual-machine-based QVT implementation},
  booktitle = {{Actas de los Talleres de las Jornadas de Ingeniería del Software
	y Bases de Datos}},
  year = {2008},
  volume = {2},
  number = {3},
  pages = {42--51},
  owner = {hhoyos},
  timestamp = {2013.02.12}
}

@ARTICLE{Selic2003,
  author = {Selic, B.},
  title = {The pragmatics of model-driven development},
  journal = {Software, IEEE},
  year = {2003},
  volume = {20},
  pages = { 19 - 25},
  number = {5},
  month = {sept.-oct.},
  owner = {hhoyos},
  timestamp = {2013.01.28}
}

@ARTICLE{Sheard.Mostashari2008,
  author = {Sheard, S.A. and Mostashari, A.},
  title = {Principles of complex systems for systems engineering},
  journal = {Systems Engineering},
  year = {2008},
  volume = {12},
  pages = {295--311},
  number = {4},
  owner = {hhoyos},
  publisher = {Wiley Online Library},
  timestamp = {2012.10.11}
}

@INPROCEEDINGS{Sillitto2010,
  author = {Sillitto, H.},
  title = {Design Principles for Ultra-Large Scale Systems},
  booktitle = {20th Annual International Council on Systems Engineering (INCOSE)
	International Symposium},
  year = {2010},
  owner = {hhoyos},
  timestamp = {2012.10.14}
}

@ARTICLE{Sprinkle.Karsai2004,
  author = {Jonathan Sprinkle and Gabor Karsai},
  title = {A domain-specific visual language for domain model evolution},
  journal = {Journal of Visual Languages \& Computing},
  year = {2004},
  volume = {15},
  pages = {291--307},
  number = {3–4},
  owner = {hhoyos},
  timestamp = {2012.08.22}
}

@ARTICLE{Stevens2010,
  author = {Stevens, Perdita},
  title = {Bidirectional model transformations in {QVT}: semantic issues and
	open questions},
  journal = {Software \& {Systems Modeling}},
  year = {2010},
  volume = {9},
  pages = {7-20},
  issue = {1},
  keywords = {Bidirectional model transformation; QVT; Model-driven development;
	Semantics},
  owner = {hhoyos},
  publisher = {Springer-Verlag},
  timestamp = {2013.01.22}
}

@INCOLLECTION{Stevens2008,
  author = {Stevens, Perdita},
  title = {A Landscape of Bidirectional Model Transformations},
  booktitle = {Generative and Transformational Techniques in Software Engineering
	II},
  publisher = {Springer Berlin Heidelberg},
  year = {2008},
  volume = {5235},
  series = {Lecture Notes in Computer Science},
  pages = {408-424},
  keywords = {bidirectional model transformation; QVT; graph transformation; triple
	graph grammar; bidirectional programming language},
  owner = {hhoyos},
  timestamp = {2013.01.22}
}

@INCOLLECTION{Stevens2007,
  author = {Stevens, Perdita},
  title = {Bidirectional Model Transformations in QVT: Semantic Issues and Open
	Questions},
  booktitle = {Model Driven Engineering Languages and Systems},
  publisher = {Springer Berlin Heidelberg},
  year = {2007},
  volume = {4735},
  series = {Lecture Notes in Computer Science},
  pages = {1-15},
  keywords = {bidirectional model transformation; QVT},
  owner = {hhoyos},
  timestamp = {2013.01.22}
}

@INPROCEEDINGS{Taentzer.etal2005,
  author = {Taentzer, G. and Ehrig, K. and Guerra, E. and De Lara, J. and Lengyel,
	L. and Levendovszky, T. and Prange, U. and Varr{\'o}, D. and Varr{\'o}-Gyapay,
	S.},
  title = {Model transformation by graph transformation: A comparative study},
  booktitle = {Proc. Workshop Model Transformation in Practice},
  year = {2005},
  owner = {hhoyos},
  timestamp = {2012.10.22}
}

@ARTICLE{Uhl2008,
  author = {Uhl, A.},
  title = {Model-Driven Development in the Enterprise},
  journal = {Software, IEEE},
  year = {2008},
  volume = {25},
  pages = {46 -49},
  number = {1},
  owner = {hhoyos},
  timestamp = {2013.01.29}
}

@INPROCEEDINGS{Varro.etal2005,
  author = {Varro, G. and Schurr, A. and Varro, D.},
  title = {Benchmarking for graph transformation},
  booktitle = {Visual Languages and Human-Centric Computing, 2005 {IEEE} Symposium
	on},
  year = {2005},
  pages = {79--88},
  owner = {hhoyos},
  timestamp = {2012.08.22}
}

@INPROCEEDINGS{Venkatesan.etal2010,
  author = {Venkatesan, A.S.P. and Thomas, D.G. and Robinson, T. and Nagar, A.K.},
  title = {Trajectory array P system},
  booktitle = {Bio-Inspired Computing: Theories and Applications (BIC-TA), 2010
	IEEE Fifth International Conference on},
  year = {2010},
  pages = {1543 -1549},
  owner = {Horace},
  timestamp = {2012.11.04}
}

@INPROCEEDINGS{Wagelaar.etal2011,
  author = {Wagelaar, Dennis and Tisi, Massimo and Cabot, Jordi and Jouault,
	Fr{\'e}d{\'e}ric},
  title = {Towards a general composition semantics for rule-based model transformation},
  booktitle = {Proceedings of the 14th international conference on Model driven
	engineering languages and systems},
  year = {2011},
  series = {MODELS'11},
  pages = {623--637},
  publisher = {Springer-Verlag},
  keywords = {ATL, graph transformation, model transformation, model transformation
	composition},
  owner = {hhoyos},
  timestamp = {2013.02.11}
}

@ARTICLE{Willink2011,
  author = {Edward Willink},
  title = {Aligning {OCL} with {UML}},
  journal = {Electronic Communications of the {EASST}},
  year = {2011},
  volume = {44},
  owner = {hhoyos},
  timestamp = {2012.08.20}
}

@ARTICLE{Willink2011a,
  author = {Edward Willink},
  title = {Modeling the {OCL Standard Library}},
  journal = {Electronic Communications of the {EASST}},
  year = {2011},
  volume = {44},
  owner = {hhoyos},
  timestamp = {2012.08.20}
}

@INPROCEEDINGS{Willink2012,
  author = {Willink, E. D.},
  title = {An extensible OCL virtual machine and code generator},
  booktitle = {Proceedings of the 12th Workshop on OCL and Textual Modelling},
  year = {2012},
  series = {OCL '12},
  pages = {13--18},
  publisher = {ACM},
  owner = {Horace},
  timestamp = {2013.01.31}
}

@INCOLLECTION{Wimmer.etal2011,
  author = {Wimmer, Manuel and Kappel, Gerti and Kusel, Angelika and Retschitzegger,
	Werner and Schönböck, Johannes and Schwinger, Wieland and Kolovos,
	Dimitris and Paige, Richard and Lauder, Marius and Schürr, Andy and
	Wagelaar, Dennis},
  title = {A Comparison of Rule Inheritance in Model-to-Model Transformation
	Languages},
  booktitle = {Theory and Practice of Model Transformations},
  publisher = {Springer Berlin Heidelberg},
  year = {2011},
  volume = {6707},
  series = {Lecture Notes in Computer Science},
  pages = {31-46},
  owner = {hhoyos},
  timestamp = {2013.02.01}
}

@BOOK{Rozenberg1997,
  title = {Handbook of graph grammars and computing by graph transformation:
	volume I. foundations},
  publisher = {World Scientific Publishing Co., Inc.},
  year = {1997},
  editor = {Rozenberg, Grzegorz},
  volume = {1},
  owner = {hhoyos},
  timestamp = {2012.08.28}
}

@comment{jabref-meta: selector_review:}

@comment{jabref-meta: selector_publisher:}

@comment{jabref-meta: selector_author:}

@comment{jabref-meta: selector_journal:}

@comment{jabref-meta: selector_keywords:}

