
@misc{OCL-2.4,
	author = {{Object Management Group}},
	title = {{Object Constraint Language, Version 2.4}},
	note = {formal/2014-02-03},
	month = {February},
	year = {2014}
}

@misc{QVT-1.0,
	author = {{Object Management Group}},
	title = {{Meta Object Facility (MOF) 2.0 Query/View/Transformation Specification, Version 1.0}},
	note = {formal/2008-04-03},
	month = {April},
	year = {2008}
}

@misc{QVT-1.3,
	author = {{Object Management Group}},
	title = {{Meta Object Facility (MOF) 2.0 Query/View/Transformation Specification, Version 1.3}},
	note = {formal/2016-06-03},
	month = {June},
	year = {2016}
}

@misc{Eclipse-ATL,
	author = {{Eclipse ATL Project}},
	institution = {Eclipse Foundation},
	note = {https://projects.eclipse.org/projects/modeling.mmt.atl}
}

@misc{Eclipse-Epsilon,
	author = {{Eclipse Epsilon Project}},
	institution = {Eclipse Foundation},
	note = {https://projects.eclipse.org/projects/modeling.epsilon}
}

@misc{Eclipse-QVTd,
	author = {{Eclipse QVT Declarative Project}},
	institution = {Eclipse Foundation},
	note = {https://projects.eclipse.org/projects/modeling.mmt.qvtd}
}

@misc{Eclipse-Henshin,
	author = {{Eclipse Henshin Project}},
	institution = {Eclipse Foundation},
	note = {https://projects.eclipse.org/projects/modeling.emft.henshin}
}

@inproceedings{TGG-Optimization,
	title={A Catalogue of Optimization Techniques for Triple Graph Grammars},
	author={Erhan Leblebici and Anthony Anjorin and Andy Sch{\"u}rr},
	booktitle={Modellierung},
	year={2014}
}

@inproceedings{Horacio-planning,
author = {Horacio Hoyos Rodriguez and Dimitris Kolovos},
title = {Declarative Model Transformation Execution Planning},
booktitle = {15th International Workshop on OCL and Textual Modeling},
address = {Saint-Malo},
month = {October},
year = {2016}
}

@book{Aho+Sethi+Ullman/86/Compilers,
	added-at = {2009-05-20T01:29:36.000+0200},
	author = {Aho, Alfred V. and Sethi, Ravi and Ullman, Jeff D.},
	biburl = {https://www.bibsonomy.org/bibtex/265c93686232bfafd103e8ecf2aaa3f26/sriram0339},
	description = {First cut database},
	interhash = {069cab756cb575510f247044b597377d},
	intrahash = {65c93686232bfafd103e8ecf2aaa3f26},
	keywords = {imported},
	publisher = {Addison-Wesley Publishing Company},
	timestamp = {2009-05-20T01:29:37.000+0200},
	title = {Compilers: Principles, Techniques and Tools},
	year = 1986
}


@inproceedings{Willink-EXE2016,
author = {Edward Willink},
title = {{Local Optimizations in Eclipse QVTc and QVTr using the Micro-Mapping Model of Computation}},
booktitle = {2nd International Workshop on Executable Modeling, Exe 2016},
address = {Saint-Malo},
month = {October},
year = {2016},
note = {http://eclipse.org/mmt/qvt/docs/EXE2016/MicroMappings.pdf}
}